<record><leader>00000cas a22000007a 4500</leader><controlfield tag="001">13454356</controlfield><controlfield tag="008">860418d1894191uinudn ne      0    0eng d</controlfield><datafield ind1=" " ind2=" " tag="010"><subfield code="a">sn 86058488 </subfield></datafield><datafield ind1=" " ind2=" " tag="040"><subfield code="a">NPI</subfield><subfield code="b">eng</subfield><subfield code="c">NPI</subfield><subfield code="d">OCLCQ</subfield></datafield><datafield ind1=" " ind2=" " tag="042"><subfield code="a">msc</subfield></datafield><datafield ind1="0" ind2=" " tag="130"><subfield code="a">Evening news (Hartford City, Ind.)</subfield></datafield><datafield ind1="1" ind2="4" tag="245"><subfield code="a">The evening news.</subfield></datafield><datafield ind1=" " ind2=" " tag="260"><subfield code="a">Hartford City, Ind. :</subfield><subfield code="b">[E.E. Cox]</subfield></datafield><datafield ind1=" " ind2=" " tag="300"><subfield code="a">v. :</subfield><subfield code="b">ill. ;</subfield><subfield code="c">56 cm.</subfield></datafield><datafield ind1=" " ind2=" " tag="310"><subfield code="a">Daily (except Sun.)</subfield></datafield><datafield ind1="1" ind2=" " tag="362"><subfield code="a">Began in 1894.</subfield><subfield code="z">Cf. Ayer, N.W. &amp; Son American newspaper annual and directory.</subfield></datafield><datafield ind1="1" ind2=" " tag="362"><subfield code="a">Ceased between Dec. 1915 and Apr. 1917.</subfield></datafield><datafield ind1=" " ind2=" " tag="500"><subfield code="a">Published also in a weekly edition called: Hartford City telegram. Cf. Ayer.</subfield></datafield><datafield ind1=" " ind2=" " tag="500"><subfield code="a">Publisher's name from Ayer's.</subfield></datafield><datafield ind1=" " ind2=" " tag="500"><subfield code="a">Initially independent; became Democratic after 1900. Cf. Miller.</subfield></datafield><datafield ind1=" " ind2=" " tag="588"><subfield code="a">Description based on: 5th year, no. 126 (July 1, 1898).</subfield></datafield><datafield ind1=" " ind2=" " tag="752"><subfield code="a">United States</subfield><subfield code="b">Indiana</subfield><subfield code="c">Blackford</subfield><subfield code="d">Hartford City.</subfield></datafield><datafield ind1="1" ind2=" " tag="775"><subfield code="t">Hartford City telegram</subfield><subfield code="w">(DLC)sn 86058493</subfield></datafield><datafield ind1="0" ind2="0" tag="785"><subfield code="t">Hartford City news (Hartford City, Ind. : 1917)</subfield><subfield code="w">(DLC)sn 86058487</subfield></datafield><datafield ind1="1" ind2=" " tag="029"><subfield code="a">AU@</subfield><subfield code="b">000025803243</subfield></datafield></record>